@inproceedings{sankardeep,
	author    = {Sankar Deep Chakraborty and
			Srinivasa Rao Satti},
	title     = {Space-Efficient Algorithms for Maximum Cardinality Search, Stack BFS,
			Queue {BFS} and Applications},
	booktitle = {Computing and Combinatorics - 23rd International Conference, {COCOON}
			2017, Hong Kong, China, August 3-5, 2017, Proceedings},
	pages     = {87--98},
	year      = {2017},
	doi       = {10.1007/978-3-319-62389-4_8},
	timestamp = {Tue, 25 Jul 2017 11:55:53 +0200}
}

@article{tarjanyannakakis,
	author = {Tarjan, Robert E. and Yannakakis, Mihalis},
	title = {Simple linear-time algorithms to test chordality of graphs, test acyclicity of hypergraphs, and selectively reduce acyclic hypergraphs},
	journal = {SIAM J. Comput.},
	issue_date = {August 1984},
	volume = {13},
	number = {3},
	month = jul,
	year = {1984},
	issn = {0097-5397},
	pages = {566--579},
	numpages = {14},
	url = {http://dx.doi.org/10.1137/0213035},
	doi = {10.1137/0213035},
	acmid = {1179},
	publisher = {Society for Industrial and Applied Mathematics},
	address = {Philadelphia, PA, USA},
}

@book{hagerup,
	author = {Hagerup, Torben},
	title = {Vorlesungsskript Informatik III},
	year = {2015},
	month = sep,
	publisher = {Fakultät für angewandte Informatik - Universität Augsburg}
}

@book{golumbic,
	title={Algorithmic Graph Theory and Perfect Graphs},
	author={Golumbic, Martin Charles},
	series={Annals of Discrete Mathematics},
	volume={57},
	year={2004},
	publisher={Elsevier}
}

@article{golumbicnote,
	title={A note on perfect Gaussian elimination},
	author={Golumbic, Martin Charles},
	journal={Journal of Mathematical Analysis and Applications},
	volume={64},
	number={2},
	pages={455--457},
	year={1978},
	publisher={Elsevier}
}

@article{rose1976,
	title={Algorithmic aspects of vertex elimination on graphs},
	author={Rose, Donald J and Tarjan, R Endre and Lueker, George S},
	journal={SIAM Journal on computing},
	volume={5},
	number={2},
	pages={266--283},
	year={1976},
	publisher={SIAM}
}


@article{rose1970,
	title={Triangulated graphs and the elimination process},
	author={Rose, Donald J},
	journal={Journal of Mathematical Analysis and Applications},
	volume={32},
	number={3},
	pages={597--609},
	year={1970},
	publisher={Elsevier}
}

@inproceedings{asano,
	title={Depth-First Search Using \( \mathsc{O} \left( n \right) \) bits},
	author={Asano, Tetsuo and Izumi, Taisuke and Kiyomi, Masashi and Konagaya, Matsuo and Ono, Hirotaka and Otachi, Yota and Schweitzer, Pascal and Tarui, Jun and Uehara, Ryuhei},
	booktitle={International Symposium on Algorithms and Computation},
	pages={553--564},
	year={2014},
	organization={Springer}
}

@article{parter1961use,
	title={The use of linear graphs in Gauss elimination},
	author={Parter, Seymour},
	journal={SIAM review},
	volume={3},
	number={2},
	pages={119--130},
	year={1961},
	publisher={SIAM}
}

@book{stykel,
	author={Stykel, Tatjana},
	title={Vorlesungsskript: Lineare Algebra 1},
	year={2016},
	publisher = {Institut für Mathematik -- Universität Augsburg}
}

@article{algorithmic,
	title={Algorithmic aspects of vertex elimination on graphs},
	author={Rose, Donald J and Tarjan, R Endre and Lueker, George S},
	journal={SIAM Journal on computing},
	volume={5},
	number={2},
	pages={266--283},
	year={1976},
	publisher={SIAM}
}
