@inproceedings{sankardeep,
	author    = {Sankar Deep Chakraborty and
			Srinivasa Rao Satti},
	title     = {Space-Efficient Algorithms for Maximum Cardinality Search, Stack BFS,
			Queue {BFS} and Applications},
	booktitle = {Computing and Combinatorics - 23rd International Conference, {COCOON}
			2017, Hong Kong, China, August 3-5, 2017, Proceedings},
	pages     = {87--98},
	year      = {2017},
}

@article{tarjanyannakakis,
	author = {Tarjan, Robert E. and Yannakakis, Mihalis},
	title = {Simple linear-time algorithms to test chordality of graphs, test acyclicity of hypergraphs, and selectively reduce acyclic hypergraphs},
	journal = {SIAM J. Comput.},
	issue_date = {August 1984},
	volume = {13},
	number = {3},
	month = jul,
	year = {1984},
	pages = {566--579},
	numpages = {14},
	publisher = {Society for Industrial and Applied Mathematics},
}

@book{golumbic,
	title={Algorithmic Graph Theory and Perfect Graphs},
	author={Golumbic, Martin Charles},
	series={Annals of Discrete Mathematics},
	volume={57},
	year={2004},
	publisher={Elsevier}
}
